2584 4650
561 970 656 1023 ias
967 968 1028 1024 C.
1069 968 1269 1023 pum
1306 968 1597 1024 cancul
1631 968 1950 1024 suevum
2069 968 2175 1026 w.
2212 968 2303 1030 (Χ.
2322 969 2377 1032 8)

1208 1249 1309 1308 77.
1382 1248 1473 1313 (X-
1512 1251 1730 1315 ⁸1:³⁴1)

823 1366 883 1418 C.
928 1365 1223 1419 vmmvs
1255 1365 1589 1420 TRAIANO
1626 1363 2104 1418 IMPERATORI.

497 1483 531 1542 1
639 1481 802 1543 Dum
856 1480 1038 1544 diuus
1080 1493 1256 1564 pater
1310 1493 1470 1558 tuus,
1513 1482 1775 1556 domine,
1833 1493 1899 1545 et
1938 1483 2210 1543 oratione
2252 1481 2379 1562 pul·

554 1578 853 1640 cherrima
906 1589 974 1642 et
1027 1580 1453 1644 honestissimo
1506 1580 1786 1662 exemplo
1832 1600 2042 1642 omnes
2095 1579 2259 1641 ciuee
2298 1577 2377 1640 ad

557 1676 1030 1739 munificentiam
1060 1687 1221 1741 esset
1245 1679 1616 1752 cohortatus,
1649 1678 1796 1760 petii
1819 1677 1898 1739 ab
1926 1698 1999 1741 eo
2033 1689 2104 1739 ut
2144 1687 2380 1738 statuas

557 1773 914 1858 principum,
958 1795 1111 1856 quas
1164 1777 1226 1838 in
1271 1775 1618 1860 longinquis
1656 1776 1819 1860 agris
1861 1795 1968 1858 per
2010 1775 2212 1857 plures
2252 1794 2379 1836 suc·

554 1874 851 1938 cessiones
879 1875 1137 1938 traditas
1165 1875 1311 1938 mihi
1341 1875 1551 1956 quales
1576 1895 1921 1958 acceperam
1941 1872 2374 1948 custodiebam,

555 1974 941 2056 permitteret
1005 1975 1068 2037 in
1140 1974 1533 2058 municipium
1595 1974 1924 2037 transferre
1979 1974 2214 2037 adiecta
2269 1994 2378 2035 sua

495 2076 534 2137 8
555 2085 799 2149 statim
845 2072 1009 2155 quod
1048 2073 1150 2137 ille
1182 2074 1332 2137 mihi
1366 2096 1503 2137 cum
1538 2073 1886 2157 plenissimo
1916 2073 2264 2138 testimonio
2292 2073 2376 2135 in·

553 2170 843 2235 dulserat.
932 2193 1047 2255 ego
1112 2173 1324 2236 statim
1391 2172 1815 2236 decurionibus
1884 2174 2234 2256 scripseram
2305 2182 2377 2234 ut
2405 2194 2426 2232 ι·

553 2271 950 2355 adsignarent
975 2271 1169 2334 solum
1205 2271 1268 2335 in
1308 2293 1430 2354 quo
1472 2273 1765 2354 templum
1808 2273 2063 2355 pecunia
2104 2293 2238 2335 mca
2278 2292 2377 2334 ex·

555 2380 892 2445 struerem3
926 2369 1012 2432 illi
1043 2369 1104 2433 in
1134 2370 1425 2434 honorem
1452 2372 1651 2454 operis
1678 2372 1866 2455 ipsius
1886 2370 2238 2434 electionem
2260 2369 2374 2433 loci

494 2468 536 2530 ⁸
557 2469 704 2531 mihi
746 2466 1114 2532 obtulerant.
1199 2467 1307 2531 sed
1342 2470 1603 2551 primum
1632 2491 1782 2546 mea,
1812 2470 2035 2534 deinde
2065 2470 2254 2551 patris
2284 2468 2373 2531 tui

558 2564 925 2639 ualetudine,
945 2579 1157 2648 posteo
1171 2567 1333 2628 curis
1348 2567 1610 2650 delegati
1632 2590 1669 2630 a
1692 2570 1864 2632 uobis
1884 2570 2059 2633 officii
2082 2578 2373 2640 retentus,

557 2683 716 2725 nunc
757 2662 972 2726 uideor
1010 2662 1487 2726 commodissime
1530 2686 1701 2746 posse
1742 2666 1806 2728 in
1839 2688 1963 2729 rem
2000 2678 2373 2750 praesentem
2404 2683 2417 2719 ι

557 2781 891 2824 excurrere.
1018 2783 1157 2824 nam
1227 2772 1293 2824 et
1339 2774 1738 2825 ‚menstruum
1808 2784 2008 2827 meum
2080 2763 2375 2827 Kalendis

557 2857 1018 2942 Septembribus
1072 2860 1286 2923 finitur
1333 2872 1398 2923 et
1452 2881 1710 2941 sequens
1764 2862 1986 2923 mensis
2038 2861 2373 2942 complures
2421 2919 2426 2932 ,

494 2961 534 3018 4
554 2956 687 3019 dies
727 2957 976 3019 feriatos
1004 2958 1203 3020 habet.
1291 2980 1439 3043 rogo
1466 2980 1613 3043 ergo
1638 2970 1783 3021 ante
1815 2960 2018 3021 omnia
2058 2960 2373 3041 permittas
2416 2937 2426 2982 ¹

555 3055 704 3117 mihi
759 3062 913 3137 opus
965 3055 1130 3136 quod
1186 3056 1578 3121 incohaturus
1632 3077 1764 3117 sum
1814 3075 2107 3118 exornare
2154 3069 2219 3119 ot
2268 3067 2373 3119 tua

556 3162 776 3222 sunia.
806 3153 1046 3227 deinde,
1086 3165 1156 3216 ut
1190 3155 1303 3219 hoc
1340 3156 1536 3218 facere
1578 3175 1760 3235 qnam
1801 3154 2203 3218 maturissime
2244 3011 2426 3290 poe-⁴

492 3256 534 3318 ⁸
554 3251 688 3330 sim,
723 3251 1040 3338 indulgeas
1065 3265 1485 3317 commeatum.
1571 3273 1690 3315 non
1725 3263 1819 3314 est
1853 3262 2059 3313 autem
2097 3252 2369 3335 simplici·
2419 3243 2426 3320 Ι

555 3354 705 3417 tatis
746 3375 915 3418 meae
956 3353 1336 3419 dissimulare
1376 3353 1538 3439 apud
1584 3352 1919 3417 bonitatem
1966 3361 2134 3416 tuam
2175 3351 2371 3416 obiter

555 3464 620 3515 te
674 3453 1001 3535 plurimum
1056 3453 1416 3517 collaturum
1485 3453 1855 3517 utilitatibus
1916 3452 2001 3516 rei
2061 3452 2367 3516 familiaris

556 3571 740 3615 meae.
807 3572 1093 3637 agrorum
1121 3551 1284 3615 enim
1312 3572 1465 3634 quos
1492 3551 1553 3613 in
1583 3550 1794 3614 eadem
1828 3550 2074 3634 regione
2094 3551 2382 3638 possideo3

555 3649 790 3726 locatio,
834 3672 973 3715 cum
1013 3650 1238 3733 alioqui
1281 3639 1441 3715 οἶα)
1479 3649 1753 3725 excedat,
1795 3649 1950 3714 adeo
1998 3671 2118 3713 non
2169 3643 2380 3733 potest

552 3748 781 3812 differri
811 3761 885 3812 ut
909 3751 1246 3833 proximam
1278 3750 1655 3833 putationem
1684 3769 1880 3813 nouus
1898 3750 2146 3814 colonus
2174 3750 2370 3842 iacere
2421 3743 2426 3776 ²

620 3919 704 3964 'v
755 3915 789 3964 9
837 3912 1087 3981 quodque
1131 3911 1223 3966 m·
1259 3916 1337 3966 oa
1371 3911 1514 3981 quod
1557 3928 1679 3965 cnm
1724 3910 1815 3963 ille
1860 3911 2111 3964 Oramus
2204 3912 2263 3964 12
2311 3847 2368 4175 4

555 3994 1438 4050 bonoremGom‘uinbonona
1504 3993 2307 4065 leniendus-pumfflbn

554 4075 1082 4147 maspetum·
1141 4075 2183 4132 &bonomo-ummo·
