2584 4650
275 986 292 999 ⁹
426 1029 496 1086 π
839 1027 898 1083 α
941 1028 1144 1082 rum
1175 1027 1467 1083 oseem
1500 1027 1819 1083 suevum
1937 1027 2043 1085 37.
2080 1024 2245 1091 (ιω)

427 1177 703 1260 cogitant
748 1188 818 1239 et
869 1177 1216 1239 memoriam
1271 1177 1368 1240 sui
1422 1176 1705 1258 operibus
1748 1176 2107 1250 extendunt,
2152 1174 2247 1236 his

431 1275 596 1338 nulla
622 1296 787 1339 mors
814 1296 935 1339 non
963 1275 1280 1358 repentina
1307 1287 1417 1352 est,
1449 1286 1522 1339 ut
1547 1295 1703 1359 quae
1740 1295 1977 1357 semper
2012 1273 2248 1337 incoha-

430 1383 563 1435 tum
590 1372 823 1454 aliquid
849 1373 1189 1456 abrumpat.

366 1465 410 1527 ὅ
509 1469 700 1534 Gaius
754 1470 999 1553 quidem
1055 1471 1323 1534 Fannius
1372 1470 1536 1554 quod
1589 1472 1812 1535 accidit
1857 1472 2052 1534 multo
2104 1482 2248 1533 ante

428 1569 781 1682 praesensit.
894 1569 1060 1633 uisus
1113 1581 1210 1632 est
1261 1570 1378 1632 sibi
1423 1590 1531 1652 per
1578 1583 1935 1633 nocturnam
1979 1569 2246 1650 quietem

428 1666 620 1730 iaeere
649 1666 712 1728 in
742 1665 966 1730 lectulo
992 1688 1103 1730 suo
1129 1669 1500 1750 compositus
1527 1669 1588 1730 in
1619 1668 1894 1731 habitum
1923 1667 2243 1741 studentis,

428 1764 650 1827 habere
676 1774 822 1828 ante
849 1785 914 1828 se
940 1764 1225 1828 scrinium
1247 1766 1363 1844 (ita
1383 1765 1675 1845 solebat):
1711 1787 1853 1829 mox
1881 1765 2248 1848 imaginatus

392 1845 523 1926 'est
577 1864 817 1926 uenisse
883 1861 1203 1938 Neronem,
1263 1864 1327 1925 in
1383 1877 1520 1926 toro
1586 1863 1826 1936 sedisse,
1886 1863 2245 1944 prompsisse

428 1962 690 2045 primum
747 1961 969 2024 librum
1022 1982 1205 2042 quem
1258 1961 1339 2025 de
1392 1961 1713 2025 seeleribus
1775 1962 1904 2023 eius
1973 1960 2248 2023 ediderat

429 2080 687 2142 eumque
733 2059 814 2124 ad
863 2072 1206 2124 extremum
1255 2059 1600 2134 reuoluisse‚
1654 2058 1816 2121 idem
1866 2059 1927 2120 in
1983 2057 2247 2140 seeundo
2279 2071 2311 2109 ¹⁴

370 2161 500 2222 Bao
537 2159 722 2222 tertio
761 2158 987 2233 fecisse,
1029 2173 1176 2221 tune
1215 2149 1429 2233 ahiss'e.
1522 2157 1787 2240 expauit,
1836 2169 1901 2220 et
1941 2158 2026 2220 sie
2068 2157 2247 2218 inter·

429 2269 703 2338 pretatus
730 2269 840 2331 est,
865 2272 1154 2338 tanquam
1176 2256 1337 2318 idem
1357 2255 1469 2318 sibi
1498 2255 1740 2319 futurus
1762 2266 1921 2318 esset
1946 2254 2246 2318 scribendi

428 2353 566 2417 finis
592 2355 697 2436 qui
726 2353 943 2417 fuisset
970 2354 1057 2416 illi
1088 2353 1346 2436 legendi.
1431 2365 1495 2416 et
1524 2353 1642 2415 fuit.
1669 2352 1842 2416 idem.
1862 2377 1896 2404 -:
2187 2394 2199 2406 .
2251 2370 2271 2403 ·.
2291 2399 2310 2410 ..

368 2460 408 2523 ⁰1
509 2451 688 2533 Quod
742 2472 840 2518 me
893 2452 1307 2517 recordantem
1362 2452 1668 2515 miseratio
1727 2452 1893 2514 subit
1950 2464 2247 2533 quantum

428 2552 792 2635 uigiliarum,
815 2566 1114 2634 quantum
1137 2552 1357 2616 laboris
1379 2552 1730 2616 exhauserit
1749 2552 1990 2615 frustra.
2050 2571 2247 2616 occur·
2279 2566 2311 2620 ¹!

428 2660 569 2711 sant
591 2650 797 2711 animo
825 2670 958 2711 mea
998 2650 1351 2723 mortalitas,
1394 2671 1527 2712 mea
1561 2651 1803 2731 scripta.
1890 2671 1999 2713 neo
2030 2651 2248 2712 dubito

430 2757 495 2809 ω
547 2766 790 2828 quoque
845 2746 1054 2809 eadem
1094 2746 1464 2830 cogitatione
1510 2747 1722 2810 terreri
1766 2767 1876 2828 pro
1918 2747 2050 2809 istis
2092 2768 2248 2828 quae

369 2854 409 2913 8
429 2843 591 2908 inter
616 2865 831 2907 manus
859 2845 1058 2908 habes.
1145 2845 1415 2928 proinde,
1446 2845 1594 2909 dum
1632 2846 1905 2928 suppetit
1944 2847 2086 2922 uita,
2129 2845 2248 2909 eni·

430 2954 635 3004 tamur
674 2957 746 3005 ut
779 2962 941 3005 mors
977 2963 1160 3023 quam
1194 2928 1554 3025 paucissima
1585 2964 1741 3025 quae
1777 2944 2017 3007 abolere
2057 2944 2251 3026 possit

429 3038 719 3102 inueniat.
806 3040 956 3103 uale.
1061 3055 1098 3113 ¹,
1266 3099 1271 3104 ,
1332 3075 1370 3118 4.
1398 3073 1441 3104 μ
1539 3069 1545 3075 ·
2274 3065 2311 3104 a·

1139 3194 1246 3255 38.
1315 3195 1405 3259 (V.
1438 3198 1543 3258 1⁴.)
1607 3143 1696 3281 χΙ

655 3307 714 3361 0.
754 3306 1052 3360 mxlvs
1087 3306 1354 3361 Poxno
1386 3308 1757 3362 ALurAxo
1790 3308 1927 3362 SVO
1959 3308 2012 3363 8.

367 3432 402 3492 1
508 3428 879 3491 Secesseram
907 3428 971 3489 in
993 3428 1405 3512 municipium,
1429 3450 1567 3492 cum
1595 3429 1743 3491 mihi
1776 3430 2124 3493 nuntiatum
2154 3442 2247 3492 est
2308 3485 2310 3516 f

428 3524 768 3587 Cornutum
795 3525 1138 3587 Tertullum
1177 3528 1474 3608 accepisse
1508 3527 1801 3589 Aemiliae
1844 3528 1977 3589 uiae
2019 3548 2242 3590 curam.
2306 3548 2310 3598 !

367 3624 406 3685 8
429 3622 766 3705 exprimere
795 3643 915 3686 non
947 3643 1188 3705 possum
1216 3639 1449 3705 quanto
1489 3625 1602 3688 sim
1629 3624 1853 3707 gaudio
1879 3625 2155 3689 adfectus
2183 3636 2247 3687 et
2270 3653 2310 3705 :3

427 3719 617 3804 ipsius
643 3733 708 3784 et
734 3742 870 3784 meo
897 3722 1177 3799 nomine;
1203 3722 1409 3805 ipsius,
1439 3721 1620 3804 quod.
1651 3724 1729 3786 sit
1759 3724 1916 3798 licet,
1947 3726 2106 3787 sicut
2133 3737 2242 3797 est,

424 3819 506 3880 ab
557 3820 723 3881 omni
775 3820 1106 3884 ambitione
1154 3820 1333 3903 longe
1382 3836 1666 3894 nemotus,
1711 3822 1897 3886 debet
1940 3836 2146 3885 tamen
2190 3820 2244 3884 ei

427 3913 727 3976 iucundus
755 3914 949 3976 honor
973 3934 1102 3977 esse
1131 3915 1298 3978 ultro
1322 3916 1508 3978 datus
1529 3939 1545 3990 ;
1571 3937 1724 3990 meo,
1747 3917 1912 3998 quod
1932 3919 2247 3999 aliquanto

426 4009 619 4089 magis
645 4029 743 4072 me
768 4008 1035 4072 delectat
1060 4011 1416 4074 mandatum
1443 4012 1594 4074 mihi
1614 4014 1890 4088 officium,
1922 4030 2245 4097 postquam

425 4119 1282 4251 :egi-emigraneam&
1363 4123 2246 4179 lenocinia-mnndum

2297 4241 2311 4398 ἱ
