2584 4650
433 993 504 1045 ω
833 992 893 1044 C.
934 992 1136 1046 mm
1169 991 1464 1047 canona
1496 991 1818 1047 saevum
1885 992 1992 1050 4⁰.
2027 991 2119 1055 (V.
2162 995 2244 1057 19)

371 1148 414 1210 8
436 1148 530 1201 tas
558 1137 901 1201 exbibenda
928 1152 1037 1214 est,
1061 1153 1293 1222 quanto
1321 1159 1480 1203 nunc
1502 1139 1606 1202 illa
1625 1141 1816 1223 magis
1839 1153 1994 1222 eget.
2066 1140 2247 1203 homo

435 1237 677 1319 pmbus,
722 1237 1032 1311 officiosus,
1079 1237 1426 1315 litteratus3
1471 1249 1536 1300 et
1579 1258 1680 1299 ars
1721 1237 1967 1318 quidem
2014 1239 2141 1299 eius
2186 1249 2251 1300 et.

433 1336 607 1418 quasi
661 1335 973 1419 inscriptio
1024 1335 1363 1412 comoedus,
1420 1336 1483 1399 in
1531 1357 1652 1418 qua
1721 1335 2048 1418 plurimum
2105 1335 2251 1398 iacit

436 1453 577 1495 nam
594 1435 950 1516 pmnuntiat
963 1434 1199 1508 acriter,
1219 1433 1537 1516 sapienter,
1556 1447 1716 1516 apte,
1736 1435 2023 1496 decenter
2038 1435 2219 1496 etiam
2233 1457 2249 1509 3

435 1531 635 1594 utitur
674 1546 739 1594 et
777 1531 1010 1594 cithara
1049 1532 1258 1613 perite,
1291 1531 1451 1594 ultra
1478 1552 1659 1612 quam
1687 1531 1974 1594 comoedo
2012 1551 2249 1594 necesse

435 1642 547 1692 est.
631 1629 792 1691 idem
821 1641 946 1691 tam
973 1630 1282 1692 commode
1310 1631 1614 1693 orationes
1640 1645 1706 1692 et
1732 1628 2012 1690 historias
2040 1642 2104 1691 et
2130 1650 2249 1691 car·

435 1726 600 1789 mina
628 1726 776 1811 legit
807 1742 875 1788 ut
903 1727 1014 1789 hoc
1042 1727 1236 1789 solum
1263 1725 1541 1789 didicisse
1571 1726 1867 1789 uideatur.

374 1832 414 1892 4
519 1824 686 1887 Haec
727 1825 841 1887 tibi
882 1824 1094 1887 sedulo
1134 1824 1402 1905 exposui,
1447 1845 1568 1904 quo
1609 1824 1802 1906 magis
1845 1825 2026 1886 scires
2066 1844 2248 1905 quam

434 1921 630 1984 multa
648 1942 805 1984 unus
820 1922 967 1984 mihi
985 1935 1050 1984 et
1065 1941 1247 2004 quam
1265 1921 1527 1984 iucunda
1545 1921 1877 1983 ministeria
1894 1934 2245 2002 praestaret.

432 2017 670 2081 accedit
695 2018 875 2101 longa
912 2020 1030 2080 iam
1057 2020 1276 2081 caritas
1303 2018 1582 2092 bominis,
1614 2039 1795 2099 quam
1827 2020 1958 2100 ipsa
1987 2018 2250 2100 pericula
2281 2024 2311 2062 ¹⁴

372 2121 412 2183 8
432 2128 754 2179 auxerunt.
839 2130 936 2178 est
960 2117 1121 2178 enim
1148 2116 1236 2178 ita
1273 2130 1490 2178 natura
1530 2129 1940 2197 comparatum
1986 2129 2055 2178 ut
2099 2115 2247 2177 nihil

430 2235 624 2296 aeque
644 2235 910 2277 amorem
930 2215 1147 2277 incitet
1166 2224 1230 2276 et.
1247 2215 1535 2277 accendat
1564 2235 1745 2295 quam
1767 2213 2008 2276 carendi
2030 2227 2246 2288 metus,

372 2317 412 2378 0
432 2334 616 2395 quem
643 2334 758 2395 ego
784 2334 894 2395 pro
921 2312 1034 2375 hoc
1064 2332 1185 2376 non
1205 2311 1389 2375 semel
1420 2311 1631 2395 patior.
1692 2333 1829 2375 nam
1852 2312 2251 2393 antealiquot

431 2433 639 2488 annos,
659 2412 806 2475 dum
824 2413 1058 2475 intente
1075 2412 1492 2492 instanterque
1509 2412 1881 2493 pronuntiat,
1894 2412 2248 2495 sanguinem

433 2512 656 2587 reiecit,
686 2524 871 2593 atque
898 2510 978 2574 ob
1006 2510 1117 2574 hoc
1145 2511 1208 2573 iu
1240 2513 1593 2595 Aegyptum
1635 2510 1851 2573 missus
1891 2532 1928 2572 a
1965 2531 2078 2585 me,
2111 2522 2247 2593 post
2280 2527 2311 2580 ι,

364 2656 369 2661 -
432 2611 676 2694 longam
731 2611 1276 2694 peregrinationem
1338 2611 1725 2673 confirmatus
1780 2610 1965 2674 rediit
2020 2630 2244 2693 nuper:

429 2708 651 2771 deinde
695 2707 844 2770 dum
889 2729 996 2789 per
1033 2709 1352 2772 continuos
1392 2707 1523 2770 dies
1568 2710 1747 2771 nimis
1794 2711 2052 2789 imperat
2092 2710 2243 2781 uoci,

431 2806 657 2868 ueteris
704 2806 1075 2868 infirmitatis
1121 2805 1411 2869 tussicula
1455 2804 1819 2880 admonitus,
1867 2826 2072 2868 rursus
2118 2826 2246 2869 san·

429 2904 678 2988 guinem
705 2903 992 2967 reddidit.
1480 2905 1496 2923 ⁶

368 3002 408 3065 ⁰1
510 3002 645 3079 Qua
667 3023 745 3064 ex
771 3022 949 3065 causa
975 3002 1274 3065 destinaui
1318 3022 1454 3064 eum
1491 3004 1733 3065 mittere
1775 3004 1836 3064 in
1865 3002 2111 3085 praedia
2138 3015 2246 3066 tua

428 3120 586 3180 quae
626 3099 786 3163 Foro
828 3099 944 3161 Iuli
981 3099 1259 3181 possides.
1346 3099 1555 3162 audiui
1596 3101 1756 3164 enim
1796 3114 1857 3164 te
1895 3122 2071 3183 saepe
2099 3101 2246 3164 reie-
2271 3124 2311 3163 ιι

429 3210 663 3260 rentem
692 3217 820 3259 esse
848 3197 932 3258 ibi
961 3208 1025 3259 et
1050 3218 1189 3260 aera
1216 3196 1515 3261 salubrem
1544 3211 1608 3261 et.
1636 3198 1725 3260 lac
1748 3198 1876 3261 eius
1897 3199 2060 3261 modi
2081 3219 2244 3262 curae

367 3304 407 3363 8
429 3295 697 3357 tionibus
737 3294 1433 3358 accommodatissimum.
1520 3317 1668 3379 rogo
1694 3317 1840 3378 ergo
1866 3297 2087 3358 scribas
2121 3296 2244 3359 tuis

430 3402 501 3453 ut
528 3389 616 3453 illi
640 3389 801 3460 uilla.
827 3402 899 3452 ut
918 3390 1134 3454 domus
1162 3405 1386 3476 pateat,
1411 3394 1669 3455 offerant
1697 3393 1879 3455 etiam
1902 3392 2245 3473 sumptibus

368 3497 407 3557 0
429 3489 574 3561 eius,
605 3489 655 3549 si
684 3488 833 3568 quid
863 3509 1014 3570 opus
1043 3490 1197 3565 erit3
1236 3490 1356 3553 erit
1380 3504 1586 3553 autem
1619 3486 1772 3572 opus
1813 3490 2064 3552 modico.
2149 3501 2244 3552 est

426 3588 589 3650 enim
632 3599 758 3648 tam
801 3608 1015 3670 parcus
1054 3601 1118 3651 et
1157 3589 1473 3652 continens
1513 3603 1585 3651 ut
1627 3609 1746 3652 non
1776 3587 1970 3651 solum
1997 3586 2242 3651 delicias
2268 3584 2311 3666 a}

428 3704 641 3749 uerum
682 3686 868 3749 etiam
927 3687 1312 3749 necessitates
1354 3686 1721 3749 ualetudinis
1762 3686 2114 3768 frugalitate
2156 3705 2241 3748 re·

427 3786 707 3867 stringat.
771 3806 886 3868 ego
924 3786 1321 3866 proficiscenti
1366 3800 1606 3847 tautum
1634 3785 1839 3847 uiatici
1867 3784 2029 3848 dabo
2055 3804 2241 3867 quan·

428 3895 560 3945 tum
589 3883 844 3946 sufficiat
872 3883 1040 3945 eunti
1070 3882 1132 3944 iu
1162 3895 1286 3945 tua.
1372 3882 1525 3945 uale.

491 4022 585 4069 σο
621 4018 678 4069 11
708 4017 953 4068 estcnim
977 4014 1616 4067 itamturalestcnim
1644 4030 1679 4065 a
1705 4014 2239 4066 natans-testim

426 4095 2242 4153 mnnwmffidateanunmffleitetmuoamffieiteuntta
