2584 4650
229 238 326 300 dmini
350 238 414 299 eius
443 235 564 297 insistit.
622 234 661 297 nd
690 235 747 298 hoe
771 235 946 319 petentibus
973 235 1051 299 fener

229 324 356 399 munies*
367 335 476 416 accipit
507 334 758 415 transmittitque,
790 355 845 398 nec
877 355 1011 417 unqusm
1044 356 1051 397 r

230 437 289 520 igno
304 447 335 496 ct
349 446 490 514 manente
505 433 696 517 ingruucseit
744 490 765 526 Ι,
800 503 806 516 ‚

245 534 279 597 ln
289 534 387 617 cupite
398 532 490 616 xysti,
501 532 642 616 deinceps
650 533 900 616 cryptoporticus,
910 533 1000 609 herti,
1012 532 1052 596 die

231 645 257 706 rt,
273 654 389 694 emeres
401 633 480 694 mci':
503 652 535 693 re
551 652 623 693 uera
639 653 774 693 umores:
796 631 860 713 ipsc
874 632 968 714 posui.
1011 631 1043 694 in

232 729 417 792 cliunminus
444 728 569 810 quidem
596 729 656 791 ufiu
683 740 809 811 xystum
836 729 896 792 eliu
924 751 1006 793 mure
1034 750 1053 792 u

232 850 262 889 ne
283 829 385 900 eciem,
407 826 579 889 cubiculum
600 835 704 889 sutem
726 825 824 888 ualuis
844 827 1054 908 cryptoportie

235 939 335 987 nestra
351 925 507 1011 ,prespicit
535 945 626 987 merc
672 935 779 986 eontru
807 925 951 1007 [unctum
979 924 1055 986 medi

233 1010 483 1105 rtheea'pcmuum
503 1022 659 1105 eleganter
679 1023 801 1098 recedit
817 1044 895 1104 quse
909 1022 1054 1105 specidnri

257 1123 331 1185 neiis
351 1122 490 1185 obductis
515 1122 687 1185 reductisue
711 1122 802 1185 medo
823 1122 954 1184 edicitur
974 1121 1056 1185 cubit

234 1222 291 1283 odo
314 1222 460 1284 aufertur.
505 1222 616 1284 fectum
641 1232 674 1284 ct
696 1221 772 1284 dnm
793 1221 954 1284 cathedras
973 1220 1056 1305 cepit

235 1320 328 1382 dibus
342 1341 432 1394 mure,
444 1342 463 1381 u
477 1332 565 1404 terge
578 1320 677 1395 uillae,
689 1341 708 1383 s
721 1320 819 1403 cupite
834 1319 945 1383 silure:
959 1330 1009 1383 tet
1021 1319 1057 1383 fn

235 1439 333 1480 cerum
362 1419 490 1481 tetidem
519 1419 660 1481 fenestris
687 1430 720 1480 et
747 1418 911 1502 distinguit
937 1427 970 1481 et
995 1418 1057 1480 min

236 1529 336 1578 nctnm
360 1529 407 1579 est
428 1516 600 1580 cubiculum
623 1517 721 1579 noetis
746 1527 778 1579 et
803 1517 909 1579 somni
952 1516 1057 1579 nonii

236 1635 290 1675 »ees
303 1613 500 1688 seruulerunn
516 1635 576 1676 nen
599 1614 691 1676 meris
712 1634 857 1689 murmur,
873 1607 1058 1697 nen‘tempu

239 1733 267 1772 m
283 1726 389 1786 motus,
406 1733 466 1774 non
481 1712 636 1796 fulgurum
660 1713 761 1775 lumen
780 1732 816 1776 se
834 1732 873 1776 nc
886 1711 967 1775 diem
987 1711 1059 1793 quid

237 1810 302 1883 ntit,
332 1811 387 1872 nisi
418 1811 558 1873 fenestris
585 1811 706 1893 apertis
766 1821 831 1883 tum
864 1809 919 1873 du
953 1808 1059 1874 abditis

238 1909 305 1969 creti
328 1908 380 1970 illu
400 1909 486 1983 rutis,
513 1909 595 1990 quod
620 1909 800 1971 interiacens
822 1908 939 1971 andren
963 1908 1060 1990 liniet

239 2005 327 2067 bienfi
351 2007 491 2088 hortique
507 2007 672 2091 distinguit
691 2020 784 2089 etque
798 2007 843 2071 ite
865 2027 984 2071 omnem
1002 2028 1060 2071 son

239 2104 301 2186 uiis
320 2105 465 2168 inanitate
490 2106 649 2169 consumit
701 2102 879 2189 applicitum
901 2116 949 2168 est
971 2104 1061 2169 cubic
