2584 4650
240 207 306 239 mua
346 203 510 253 neuunuuu
553 201 667 253 eonem,
702 199 808 260 augur,
851 195 971 260 tegent!

240 295 295 338 ore
322 275 494 357 prouinciae
521 274 613 339 Ponti
643 285 677 339 et
710 273 882 357 Bithyniae,
916 293 1009 338 eoneu

241 382 308 436 tate
334 373 367 435 in
395 394 461 436 eam
489 373 676 456 prouinciam
704 395 743 437 ex
770 385 894 436 aenatue
927 392 1009 437 ooner

241 491 265 532 ιι
272 471 314 533 ab
325 471 506 553 imperatore
515 470 642 534 Gaeeare
654 469 758 534 Nerua
765 470 903 544 Traiano,
914 471 1010 555 Augu

241 568 344 645 uuiuo,
360 568 479 645 Daeiuo,
495 579 581 653 petre
591 569 716 653 patriae,
727 580 850 634 aurator
858 568 938 634 aluei
949 568 1010 633 'lib

242 688 349 749 parum
376 679 409 731 et
442 669 610 732 eloaeerum
645 669 737 745 urbia,
767 669 936 752 praelautue
968 689 1011 732 aer

242 766 288 840 ui.
305 766 476 847 praelectus
489 767 586 829 aerari
606 766 755 841 militaria,
775 776 906 850 praetor,
923 765 1011 829 tribu

243 885 261 940 ι,
284 874 428 945 quaestor
447 865 646 947 imperatorie,
669 865 751 928 eeuir
771 864 909 948 equitum
936 863 1012 928 Rom

243 1010 251 1037 ‚
281 964 422 1026 tribunus
454 963 586 1026 militum
618 963 745 1046 legionis
779 964 889 1027 tertiae
922 962 1012 1027 Gallie

243 1065 310 1122 uuir
327 1061 463 1124 etlitibue
479 1061 658 1136 iudicandis,
682 1061 817 1124 thermae
835 1081 874 1124 ex
892 1060 1012 1139 aeetertl

248 1160 496 1237 ...,adieetie
517 1162 548 1223 in
569 1170 712 1224 ornatum
730 1161 904 1225 aertertium
922 1170 1013 1225 treeer

244 1278 278 1319 ue
296 1267 329 1320 et
345 1303 485 1321 ......
504 1267 537 1322 et
555 1279 591 1322 eo
608 1259 739 1340 amplius
759 1259 792 1321 in
813 1259 941 1322 tutelem
960 1278 1013 1324 eeu

247 1354 387 1418 dueentie
404 1355 534 1432 milihue,
550 1367 734 1420 teatameuto
750 1356 815 1419 fieri
831 1356 928 1432 iuuit
943 1356 1014 1420 item

246 1462 301 1515 nte
314 1453 492 1517 libertorum
511 1474 635 1517 auorum
653 1454 810 1519 hominum
824 1464 947 1518 eentum
960 1466 1014 1519 aeat

259 1548 475 1614 duodeuieiene
501 1560 629 1614 oentena
656 1563 690 1615 et
716 1552 876 1636 sexaginta
901 1573 956 1616 aex
983 1572 1014 1616 ιιι

246 1649 389 1712 ιοιιοοιιιίι
416 1650 575 1732 sexaginta
601 1670 656 1713 aex
690 1651 734 1714 rei
769 1649 907 1733 publieae
941 1650 1015 1737 legat

246 1768 286 1810 rm
299 1748 486 1811 incrementa
504 1757 609 1830 poetea
626 1748 667 1811 ael
686 1748 810 1831 epulum
824 1748 920 1831 plebia
934 1749 1016 1813 urbe:

247 1857 256 1909 t
275 1847 428 1928 pertinere
450 1893 458 1909 .
481 1893 488 1908 .
511 1892 519 1908 .
541 1892 549 1908 .
572 1846 646 1909 item
666 1846 757 1917 uiuus
769 1845 858 1910 dedit
875 1845 909 1909 in
921 1845 1016 1911 alimu

247 1964 318 2006 rum
346 1954 378 2006 et
404 1943 573 2026 puellarum
601 1942 698 2027 plebia
725 1944 859 2008 urbanae
892 1943 1016 2009 extorti*

248 2051 324 2120 unta
344 2041 436 2117 milia
458 2042 533 2104 item
554 2040 787 2124 bybliothecam,
817 2051 850 2106 et
876 2042 910 2107 in
937 2042 1017 2108 tutel

248 2142 367 2204 >thetae
380 2140 555 2204 aeetertium
568 2150 693 2204 eentum
706 2141 814 2204 milial
