2584 4650
226 259 239 270 ,
301 247 319 252 ψ.
395 228 453 253 uv..
466 215 553 268 sama
569 212 630 273 qua
649 193 763 274 alioqui
783 165 898 274 optima
917 207 949 256 et
968 193 1044 257 men‘

254 291 373 365 fruitur,
402 290 454 352 sed
483 289 581 373 longis
614 293 790 375 magnisque
824 292 1047 375 experimentis

254 387 414 471 diligimus,
431 408 491 450 una
501 387 663 451 dileximus
673 409 777 452 omues
790 389 853 472 ieie
867 409 943 472 ques
952 401 1037 454 aetas

254 489 284 548 in
299 502 428 566 utroque
442 507 517 548 sexu
531 487 725 549 aemulandos
739 487 830 564 tulit3
850 509 928 570 quae
944 489 1054 552 sociem

254 585 391 646 citiarum
405 585 556 647 artissima
571 605 624 647 noa
641 585 845 648 lamilian'tate
859 587 1025 649 eoniunxit.

226 704 243 742 0
255 683 294 744 sit
306 681 459 744 uinculum
473 681 702 746 necessitudinis
716 683 872 765 publieae3
893 683 974 747 idem
984 684 1061 748 enim

255 795 290 844 ut
317 783 381 856 scis,
411 781 525 864 eollega
552 783 638 863 quasi
666 796 740 845 uoto
768 783 883 866 petitus
913 783 944 846 in
972 783 1065 867 praeli

254 881 359 942 aerarii
381 880 448 955 luit,
466 881 525 942 luit
543 894 574 942 et
595 881 628 943 in
642 879 809 943 consulatu.
851 894 918 944 tum
931 903 989 965 ego
1001 882 1055 962 qui

255 993 386 1058 quantus
397 994 475 1040 esset
485 977 630 1041 altissime
644 979 771 1060 inspexi,
783 999 851 1041 eum
868 999 1009 1060 sequerer
1023 990 1059 1043 ut

256 1091 360 1152 strum,
386 1093 422 1139 us
444 1091 600 1158 parentem
628 1097 757 1150 uererer,
780 1075 861 1158 quod
887 1096 948 1139 non
969 1091 1032 1139 tam
1052 1097 1075 1140 a

256 1178 431 1240 mutun'tate
446 1197 537 1258 quam
552 1175 633 1240 uitae
648 1177 827 1241 merebatur.
858 1177 906 1241 his
916 1197 955 1241 ax
965 1177 1079 1242 eausisi

256 1279 295 1338 sic
311 1278 383 1337 mihi
405 1276 550 1357 gratulor,
566 1295 620 1337 nee
641 1276 784 1355 paiuatirn
805 1277 902 1357 magis
921 1295 1013 1355 quam
1034 1275 1083 1358 pul

256 1374 335 1453 quod
351 1371 473 1434 tandem
485 1371 621 1433 homines
635 1390 696 1433 nun
705 1370 745 1432 ad
759 1370 899 1452 pericula,
909 1383 945 1434 ut
955 1372 1047 1455 pn'us,
1056 1391 1086 1434 ue

256 1470 294 1532 ad
308 1471 435 1534 honores
450 1470 564 1533 uirtute
579 1469 769 1552 perueniunt„

297 1571 332 1631 ln
347 1572 498 1633 inlinitum
514 1569 675 1652 epistulam
690 1567 862 1640 extendam,
874 1566 900 1629 si
913 1568 1026 1651 gaudio
1040 1588 1087 1630 me

261 1667 404 1748 dulgeam.
447 1683 623 1748 praeuemor
646 1665 685 1728 ad
711 1684 847 1746 eaquae
871 1685 920 1727 me
946 1677 1087 1747 agentem

264 1767 381 1828 nuntius
395 1765 603 1847 deprehendit.
640 1784 722 1827 eram
738 1783 807 1826 cum
822 1760 980 1844 prosoeeni
993 1783 1087 1838 meni

267 1884 322 1924 tum
344 1864 436 1925 amita
458 1864 568 1938 uxoris,
587 1883 669 1925 emm
690 1882 758 1925 eum
780 1862 883 1924 amieis
903 1860 957 1923 diu
976 1862 1087 1925 desides

273 1960 446 2022 ircumibam
477 1960 598 2043 agellos,
626 1958 787 2023 audiebam
822 1959 954 2021 multum
984 1960 1087 2023 mistim

278 2058 453 2132 uerelarum,
469 2059 602 2121 rationes
615 2057 752 2142 legebam
767 2057 882 2120 inuitus
902 2070 934 2120 et
954 2057 1064 2120 cursim

278 2157 335 2217 uim
360 2157 481 2226 chartis,
503 2155 570 2218 aliis
595 2177 660 2208 snm
687 2155 794 2196 nou-'—
827 2156 834 2171 ·
859 2157 892 2170 ··
